@article{GaborHolography,
  author = {D. Gabor},
  journal = {Nature},
  number = {161},
  pages = {777--778},
  publisher = {Nature},
  title = {A new microscopic principle},
  volume = {161},
  month = {May},
  year = {1948},
  url = {https://www.nature.com/articles/161777a0},
  doi = {https://doi.org/10.1038/161777a0},
}

@inproceedings{HardReview_84,
 author = {M. Lucente and Galyean, T. A.},
 title = {Rendering Interactive Holographic Images},
 booktitle = {Proceedings of the 22Nd Annual Conference on Computer Graphics and Interactive Techniques},
 series = {SIGGRAPH '95},
 year = {1995},
 isbn = {0-89791-701-4},
 pages = {387--394},
 numpages = {8},
 url = {http://doi.acm.org/10.1145/218380.218490},
 doi = {10.1145/218380.218490},
 acmid = {218490},
 publisher = {ACM},
 address = {New York, NY, USA},
} 